<?xml version="1.0" encoding="UTF-8"?><collection xmlns="http://www.loc.gov/MARC21/slim"><record><leader>00475nam--2200145-i-4500</leader><controlfield tag="001">000010793</controlfield><controlfield tag="002">20161230</controlfield><controlfield tag="005">20170220010202</controlfield><controlfield tag="008">060222s1000------------r-----000-0-eng-d</controlfield><datafield ind1=" " ind2=" " tag="245"><subfield code="a">P-4he coherent scattering at 24 gev/c. observation of elastic scattering and production processes by a missing mass method</subfield></datafield><datafield ind1=" " ind2=" " tag="260"><subfield code="a">Lyon</subfield><subfield code="b">Institut De Physique Nucleaire</subfield><subfield code="c">1973</subfield></datafield><datafield ind1=" " ind2=" " tag="300"><subfield code="a">3 p. + 5 Fig</subfield></datafield><datafield ind1=" " ind2=" " tag="700"><subfield code="a">Berthot, J</subfield></datafield><datafield ind1=" " ind2=" " tag="852"><subfield code="a">539.171.12(047.5)</subfield></datafield><datafield ind1=" " ind2=" " tag="CAT"><subfield code="a">SYS</subfield><subfield code="c">20170220</subfield><subfield code="h">010202</subfield></datafield></record></collection>